@misc{Clustering,
title = {Introduction to Machine Learning 2nd edition},
author = {Ethem Alpaydın},
year = {2010},
pages= {143-149, 279-286},
}

@misc{learningCount,
booktitle = {IEEE International Conference on Big Data (IEEE BigData 2015)},
title = {Learning to Accurately COUNT with Query-Driven Predictive Analytics},
author = {Christos Anagnostopoulos and Peter Triantafillou},
year = {2015},
url = {http://eprints.gla.ac.uk/110123/},
}

@misc{LearningDNN,
booktitle = {IEEE International Conference on Data Mining (IEEE ICDM 2015)},
title = {Learning set cardinality in distance nearest neighbours},
author = {Christos Anagnostopoulos and Peter Triantafillou},
year = {2015},
url = {http://eprints.gla.ac.uk/108932/},
}

@article{Synopses,
url = {http://dx.doi.org/10.1561/1900000004},
year = {2011},
volume = {4},
journal = {Foundations and Trends® in Databases},
title = {Synopses for Massive Data: Samples, Histograms, Wavelets, Sketches},
doi = {10.1561/1900000004},
issn = {1931-7883},
number = {1–3},
pages = {1-294},
author = {Graham Cormode and Minos Garofalakis and Peter J. Haas and Chris Jermaine}
}

@article{Genhist,
 author = {Gunopulos, Dimitrios and Kollios, George and Tsotras, J. and Domeniconi, Carlotta},
 title = {Selectivity Estimators for Multidimensional Range Queries over Real Attributes},
 journal = {The VLDB Journal},
 issue_date = {April 2005},
 volume = {14},
 number = {2},
 month = apr,
 year = {2005},
 issn = {1066-8888},
 pages = {137--154},
 numpages = {18},
 url = {http://dx.doi.org/10.1007/s00778-003-0090-4},
 doi = {10.1007/s00778-003-0090-4},
 acmid = {1057491},
 publisher = {Springer-Verlag New York, Inc.},
 address = {Secaucus, NJ, USA},
}

@INPROCEEDINGS{rangedisquery, 
author={Chaudhuri, A. and Tzu Hsuan Wei and Teng Yok Lee and Han Wei Shen and Peterka, T.}, 
booktitle={Visualization Symposium (PacificVis), 2014 IEEE Pacific}, 
title={Efficient Range Distribution Query for Visualizing Scientific Data}, 
year={2014}, 
pages={201-208}, 
keywords={data structures;data visualisation;database indexing;distributed databases;natural sciences computing;query processing;axis-aligned query region distribution;data structure transformation;decomposition;distribution retrieval;distribution-based data summaries;integral histogram;large-scale data;query interactivity;range distribution query answering;response time;scientific data visualization;similarity-driven indexing;statistical measures;statistical queries;storage cost reduction;visualization applications;Approximation methods;Data visualization;Electronic mail;Histograms;Indexing;Three-dimensional displays;Time factors;Distributions;Indexing;Large data;Query}, 
doi={10.1109/PacificVis.2014.60}, 
month={March},}

@INPROCEEDINGS{aggqueryprocessing,
    author = {Ashish Gupta and Venky Harinarayan and Dallan Quass},
    title = {Aggregate-Query Processing in Data Warehousing Environments},
    booktitle = {In Proceedings of the International Conference on Very Large Databases},
    year = {1995},
    pages = {358--369}
}